@book{bohren,
    author = {Craig F.Bohren, Donald R. Huffman},
    title = {Absorption and Scattering of Light by Small Particles},
    publisher = {Wiley-VCH},
    year = {2004}
}

@book{rose,
    author = {Morris E. Rose},
    title = {Elementary Theory of Angular Momentum},
    publisher = {John Wiley \& Sons, Inc.},
    year = {1957}
}



@article{comparison,
    author = {Nora Tischler and Xavier Zambrana-Puyalto and Gabriel Molina-Terriza},
    title = {The role of angular momentum in the construction of electromagnetic multipolar fields},
    journal = {European Journal of Physics},
    year = {2012},
    volume = {33},
    pages = {1099-1109},
    DOI = {10.1088/0143-0807/33/5/1099}
}

@book{nanooptics,
    author = {L. Novotny and B. Hecht},
    title = {Principles of Nano-Optics},
    publisher = {Cambridge University Press},
    year = {2012},
    edition = {2}
}


@phdthesis{xavi,
    author = {Xavier Zambrana-Puyalto},
    title = {Control and Characterization of Nano-Structures with the Symmetries of Light},
    school = {Macquarie University},
    year = {2014}
}

@article{treams,
    author = {Dominik Beutel and Ivan Fernandez-Corbaton and Carsten Rockstuhl},
    title = {treams â€“ a T-matrix-based scattering code for nanophotonics},
    journal = {Computer Physics Communications
Volume 297},
    year = {2024}
}
